@inproceedings{tan2019efficientnet,
  title={EfficientNet: Rethinking Model Scaling for Convolutional Neural Networks},
  author={Tan, Mingxing and Le, Quoc},
  booktitle={International Conference on Machine Learning},
  pages={6105--6114},
  year={2019}
}
@InProceedings{Ma_2018_ECCV,
author = {Ma, Ningning and Zhang, Xiangyu and Zheng, Hai-Tao and Sun, Jian},
title = {ShuffleNet V2: Practical Guidelines for Efficient CNN Architecture Design},
booktitle = {The European Conference on Computer Vision (ECCV)},
month = {September},
year = {2018}
}
@InProceedings{Sandler_2018_CVPR,
author = {Sandler, Mark and Howard, Andrew and Zhu, Menglong and Zhmoginov, Andrey and Chen, Liang-Chieh},
title = {MobileNetV2: Inverted Residuals and Linear Bottlenecks},
booktitle = {The IEEE Conference on Computer Vision and Pattern Recognition (CVPR)},
month = {June},
year = {2018}
}
@article{mei2016dissecting,
  title={Dissecting GPU memory hierarchy through microbenchmarking},
  author={Mei, Xinxin and Chu, Xiaowen},
  journal={IEEE Transactions on Parallel and Distributed Systems},
  volume={28},
  number={1},
  pages={72--86},
  year={2016},
  publisher={IEEE}
}
@article{zhang2015dwarfcode,
  title={DwarfCode: a performance prediction tool for parallel applications},
  author={Zhang, Weizhe and Cheng, Albert MK and Subhlok, Jaspal},
  journal={IEEE Transactions on Computers},
  volume={65},
  number={2},
  pages={495--507},
  year={2015},
  publisher={IEEE}
}
@inproceedings{karstadt2017matrix,
  title={Matrix Multiplication, a Little Faster},
  author={Karstadt, Elaye and Schwartz, Oded},
  booktitle={Proceedings of the 29th ACM Symposium on Parallelism in Algorithms and Architectures},
  pages={101--110},
  year={2017}
}
@inproceedings{scott2015matrix,
  title={Matrix multiplication I/O-complexity by path routing},
  author={Scott, Jacob and Holtz, Olga and Schwartz, Oded},
  booktitle={Proceedings of the 27th ACM symposium on Parallelism in Algorithms and Architectures},
  pages={35--45},
  year={2015}
}

@inproceedings{Iandola2014Communication,
  title={Communication-Minimizing 2D Convolution in GPU Registers},
  author={Iandola, Forrest N and Sheffield, David and Anderson, Michael J. and Phothilimthana, Phitchaya Mangpo and Keutzer, Kurt},
  booktitle={IEEE International Conference on Image Processing},
  year={2014},
}
@inproceedings{HeZRS16,
  author    = {Kaiming He and
               Xiangyu Zhang and
               Shaoqing Ren and
               Jian Sun},
  title     = {Deep Residual Learning for Image Recognition},
  booktitle = {2016 {IEEE} Conference on Computer Vision and Pattern Recognition,
               {CVPR} 2016, Las Vegas, NV, USA, June 27-30, 2016},
  pages     = {770--778},
  year      = {2016},
}
@inproceedings{SzegedyLJSRAEVR15,
  author    = {Christian Szegedy and
               Wei Liu and
               Yangqing Jia and
               Pierre Sermanet and
               Scott E. Reed and
               Dragomir Anguelov and
               Dumitru Erhan and
               Vincent Vanhoucke and
               Andrew Rabinovich},
  title     = {Going deeper with convolutions},
  booktitle = {{IEEE} Conference on Computer Vision and Pattern Recognition, {CVPR}
               2015, Boston, MA, USA, June 7-12, 2015},
  pages     = {1--9},
  year      = {2015},
}
@inproceedings{vedaldi15matconvnet,
      author    = {A. Vedaldi and K. Lenc},
      title     = {MatConvNet -- Convolutional Neural Networks for MATLAB},
      booktitle = {Proceeding of the {ACM} Int. Conf. on Multimedia},
      year      = {2015},
  }
  @inproceedings{SimonyanZ14a,
  author    = {Karen Simonyan and
               Andrew Zisserman},
  title     = {Very Deep Convolutional Networks for Large-Scale Image Recognition},
  booktitle = {3rd International Conference on Learning Representations, {ICLR} 2015,
               San Diego, CA, USA, May 7-9, 2015, Conference Track Proceedings},
  year      = {2015},
}
 @inproceedings{Krizhevsky2012ImageNet,
  title={ImageNet Classification with Deep Convolutional Neural Networks},
  author={Krizhevsky, Alex and Sutskever, Ilya and Hinton, Geoffrey E.},
  booktitle={International Conference on Neural Information Processing Systems},
  year={2012},
}
@inproceedings{Li2016Performance,
  title={Performance Analysis of GPU-Based Convolutional Neural Networks},
  author={Li, Xiaqing and Zhang, Guangyan and Huang, H. Howie and Wang, Zhufan and Zheng, Weimin},
  booktitle={International Conference on Parallel Processing},
  year={2016},
}
@inproceedings{vasilache2014fast,
  author    = {Nicolas Vasilache and
               Jeff Johnson and
               Micha{\"{e}}l Mathieu and
               Soumith Chintala and
               Serkan Piantino and
               Yann LeCun},
  title     = {Fast Convolutional Nets With fbfft: {A} {GPU} Performance Evaluation},
  booktitle = {3rd International Conference on Learning Representations, {ICLR} 2015,
               San Diego, CA, USA, May 7-9, 2015, Conference Track Proceedings},
  year      = {2015}
}
@article{jia2014caffe,
  Author = {Jia, Yangqing and Shelhamer, Evan and Donahue, Jeff and Karayev, Sergey and Long, Jonathan and Girshick, Ross and Guadarrama, Sergio and Darrell, Trevor},
  Journal = {arXiv preprint arXiv:1408.5093},
  Title = {Caffe: Convolutional Architecture for Fast Feature Embedding},
  Year = {2014}
}
@article{Perrot2014Fine,
  title={Fine-tuned High-speed Implementation of a GPU-based Median Filter},
  author={Perrot, Gilles and Domas, St¨¦phane and Couturier, Rapha?l},
  journal={Journal of Signal Processing Systems},
  volume={75},
  number={3},
  pages={185-190},
  year={2014}
}
@inproceedings{Zhen2018Optimizing,
  title={Optimizing N-dimensional, winograd-based convolution for manycore CPUs},
  author={Zhen, Jia and Zlateski, Aleksandar and Durand, Fredo and Kai, Li},
  booktitle={Acm Sigplan Symposium on Principles \& Practice of Parallel Programming},
  year={2018}
}
@article{Ma2014Optimized,
  title={Optimized Laplacian image sharpening algorithm based on graphic processing unit},
  author={Ma, Tinghuai and Lu, Li and Ji, Sai and Xin, Wang and Yuan, Tian and Al-Dhelaan, Abdullah and Al-Rodhaan, Mznah},
  journal={Physica A Statistical Mechanics \& Its Applications},
  volume={416},
  pages={400-410},
  year={2014}
}

@article{Rudi2015Image,
  title={Image preprocessing with a parallel optoelectronic processor.},
  author={Rudi, Ali Gholami and Jalili, Saeed},
  journal={Computers \& Electrical Engineering},
  volume={46},
  number={1},
  pages={554-565},
  year={2015},
}
@inproceedings{Niklaus2017Video,
  title={Video Frame Interpolation via Adaptive Convolution},
  author={Niklaus, Simon and Long, Mai and Liu, Feng},
  booktitle={Computer Vision \& Pattern Recognition},
  year={2017}
}
@inproceedings{DettmersMS2018,
  author    = {Tim Dettmers and
               Pasquale Minervini and
               Pontus Stenetorp and
               Sebastian Riedel},
  title     = {Convolutional 2D Knowledge Graph Embeddings},
  booktitle = {Proceedings of the Thirty-Second {AAAI} Conference on Artificial Intelligence,
               (AAAI-18)},
  year      = {2018}
}
@inproceedings{Vasudevan2017Parallel,
  title={Parallel Multi Channel Convolution using General Matrix Multiplication},
  author={Vasudevan, Aravind and Anderson, Andrew and Gregg, David},
  booktitle={IEEE International Conference on Application-specific Systems},
  year={2017}
}

@misc{Yalamanchili2015,
abstract = {ArrayFire is a high performance software library for parallel computing with an easy-to-use API. Its array based function set makes parallel programming simple. ArrayFire's multiple backends (CUDA, OpenCL and native CPU) make it platform independent and highly portable. A few lines of code in ArrayFire can replace dozens of lines of parallel computing code, saving you valuable time and lowering development costs.},
address = {Atlanta},
author = {Yalamanchili, Pavan and Arshad, Umar and Mohammed, Zakiuddin and Garigipati, Pradeep and Entschev, Peter and Kloppenborg, Brian and Malcolm, James and Melonakos, John},
publisher = {AccelerEyes},
title = {{ArrayFire - A high performance software library for parallel computing with an easy-to-use API}},
url = {https://github.com/arrayfire/arrayfire},
year = {2015}
}
@article{Chellapilla2006High,
  title={High performance convolutional neural networks for document processing},
  author={Chellapilla, Kumar and Puri, Sidd and Simard, Patrice},
  journal={Tenth International Workshop on Frontiers in Handwriting Recognition},
  year={2006}
}

@InProceedings{Wang_2016_CVPR,
author = {Wang, Jiang and Yang, Yi and Mao, Junhua and Huang, Zhiheng and Huang, Chang and Xu, Wei},
title = {CNN-RNN: A Unified Framework for Multi-Label Image Classification},
booktitle = {The IEEE Conference on Computer Vision and Pattern Recognition (CVPR)},
month = {June},
year = {2016}
}

@article{lee2017going,
  title={Going deeper with contextual CNN for hyperspectral image classification},
  author={Lee, Hyungtae and Kwon, Heesung},
  journal={IEEE Transactions on Image Processing},
  volume={26},
  number={10},
  pages={4843--4855},
  year={2017},
  publisher={IEEE}
}

@article{zhang2018diverse,
  title={Diverse region-based CNN for hyperspectral image classification},
  author={Zhang, Mengmeng and Li, Wei and Du, Qian},
  journal={IEEE Transactions on Image Processing},
  volume={27},
  number={6},
  pages={2623--2634},
  year={2018},
  publisher={IEEE}
}

@InProceedings{Redmon_2016_CVPR,
author = {Redmon, Joseph and Divvala, Santosh and Girshick, Ross and Farhadi, Ali},
title = {You Only Look Once: Unified, Real-Time Object Detection},
booktitle = {The IEEE Conference on Computer Vision and Pattern Recognition (CVPR)},
month = {June},
year = {2016}
}

@InProceedings{Cai_2018_CVPR,
author = {Cai, Zhaowei and Vasconcelos, Nuno},
title = {Cascade R-CNN: Delving Into High Quality Object Detection},
booktitle = {The IEEE Conference on Computer Vision and Pattern Recognition (CVPR)},
month = {June},
year = {2018}
}

@inproceedings{ying2018graph,
  title={Graph convolutional neural networks for web-scale recommender systems},
  author={Ying, Rex and He, Ruining and Chen, Kaifeng and Eksombatchai, Pong and Hamilton, William L and Leskovec, Jure},
  booktitle={Proceedings of the 24th ACM SIGKDD International Conference on Knowledge Discovery \& Data Mining},
  pages={974--983},
  year={2018},
  organization={ACM}
}


@inproceedings{lavin2016fast,
  title={Fast algorithms for convolutional neural networks},
  author={Lavin, Andrew and Gray, Scott},
  booktitle={Proceedings of the IEEE Conference on Computer Vision and Pattern Recognition},
  pages={4013--4021},
  year={2016}
}

@article{mathieu2013fast,
  title={Fast training of convolutional networks through ffts},
  author={Mathieu, Michael and Henaff, Mikael and LeCun, Yann},
  journal={arXiv preprint arXiv:1312.5851},
  year={2013}
}

@article{Krizhevsky14,
  author    = {Alex Krizhevsky},
  title     = {One weird trick for parallelizing convolutional neural networks},
  journal   = {CoRR},
  volume    = {abs/1404.5997},
  year      = {2014}
}

@article{ChetlurWVCTCS14,
  author    = {Sharan Chetlur and
               Cliff Woolley and
               Philippe Vandermersch and
               Jonathan Cohen and
               John Tran and
               Bryan Catanzaro and
               Evan Shelhamer},
  title     = {cuDNN: Efficient Primitives for Deep Learning},
  journal   = {CoRR},
  volume    = {abs/1410.0759},
  year      = {2014}
}


@inproceedings{cho2017mec,
  title={MEC: memory-efficient convolution for deep neural network},
  author={Cho, Minsik and Brand, Daniel},
  booktitle={Proceedings of the 34th International Conference on Machine Learning-Volume 70},
  pages={815-824},
  year={2017},
  organization={JMLR. org}
}
@inproceedings{cavigelli2015accelerating,
  title={Accelerating real-time embedded scene labeling with convolutional networks},
  author={Cavigelli, Lukas and Magno, Michele and Benini, Luca},
  booktitle={Proceedings of the 52nd Annual Design Automation Conference},
  pages={108},
  year={2015},
  organization={ACM}
}
@manual{cudatoolkit,
	author = {NVIDIA},
   title = {CUDA Toolkit Programming Guide},
   url = {https://docs.nvidia.com/cuda/cuda-c-programming-guide/index.html}
}
